<?xml version="1.0" encoding="UTF-8"?><collection xmlns="http://www.loc.gov/MARC21/slim"><record><leader>00360nam--2200145-i-4500</leader><controlfield tag="001">000020675</controlfield><controlfield tag="002">20161230</controlfield><controlfield tag="005">20161230201033</controlfield><controlfield tag="008">060222s1000------------r-----000-0-eng-d</controlfield><datafield ind1=" " ind2=" " tag="020"><subfield code="a">0-12-419</subfield></datafield><datafield ind1=" " ind2=" " tag="080"><subfield code="a">519.23</subfield></datafield><datafield ind1=" " ind2=" " tag="100"><subfield code="a">Koopmans Lambert, H</subfield></datafield><datafield ind1=" " ind2=" " tag="245"><subfield code="a">The spectral analysis of time series</subfield></datafield><datafield ind1=" " ind2=" " tag="260"><subfield code="a">London, Academic Press, 1995. 366 P</subfield></datafield><datafield ind1=" " ind2=" " tag="852"><subfield code="a">37584</subfield></datafield></record></collection>